5915 4439
1065 577 2861 669 Les Srs ont remercie le Sr de Grevenbroeck
1098 684 2925 773 de son offre a se trouver avecq les aultres deputez
1081 777 2948 876 pour le traictement avecq les Allemans d'autant
1083 879 2865 980 que les deputez sont ja envoyez et les noms et
1127 974 2885 1088 surnoms diceulx sont passe trois jours exhibez
1109 1105 2062 1202 par escript a Son Alteze.
364 663 1017 837 Sr de Grevenbroeck
320 1358 829 1454 Henry Balfour
394 1478 953 1562 Colonnel Escossois
377 1577 914 1664 touchant les
378 1677 714 1766 poudres
1090 1317 2846 1441 Sur la reqte du Colonnel des Escossois est
1082 1414 2890 1552 dict que les Estatz indemneront le Supplt
1070 1523 2948 1665 de mille livres arth pour lesquelz ceulx de Bruges
1089 1685 1584 1776 ont respondu.
394 1872 530 1989 fcum
390 2020 635 2149 Idem
1057 1886 2825 2018 Quant a laultre la reqte les Estatz sont
1083 1998 2845 2123 content que la somme de vic iiiixx vi l. arth lui
1107 2096 2811 2239 seront paiez et point par Beken tenuz eus.
364 2386 635 2556 Idem
1098 2318 2882 2444 Depuis le tout reserve tant que Monsieur de
1069 2423 2882 2547 Lamotte ait donne son advis apres est declaré
1082 2535 2712 2658 que L'acte de pouldre luy sera delivré.
372 2773 527 2930 fcum
363 2973 901 3142 Angleterre
900 2814 2910 2930 Sur la Lre de l'Ambassadeur dAngleterre
1076 2904 2886 3041 est dict, quelle sera mise es mains des commis
1051 3017 2748 3149 scavoir de Monsieur de Champaigny et de
1086 3137 2848 3264 Carlier greffier des Estatz de Haynnault
1082 3257 2833 3358 pour faire rapport de ce qu'ils ont besoigné a
1085 3365 2175 3468 l'affaire cy mentionne.
5602 72 5698 228 36
3354 196 3726 364 3 Junij
3203 586 3359 666 fcum
3176 791 3865 890 hostes et hostesses
3194 908 3698 992 de Bruxelles
3733 540 5638 649 Quant au billet des hostes hostesses
3916 636 5701 763 de Bruxelles ayans creu et nourry les maltelots
3909 727 5630 872 est dict que xc L. arth seront empruntez des
3906 839 5602 978 viiim L. arthois apportez par ceulx de Lisle
3909 944 5685 1089 Douay et Orchies pour secourir lesd hostes
3908 1052 5697 1195 ceste sepmaine, et entant moings de la debte.
3927 1156 5671 1301 Et que de ladite somme ledit Tresorier pour
3910 1266 5583 1407 estre les deniers destinez a aultres fins
3908 1364 5683 1512 remplira lesdits deniers d'aultre argent que
3909 1479 5681 1619 premiers Il recepura des moyens capitaux.
4363 1724 5391 1947 iiiia juny 1577
3199 2075 3359 2172 fcum
3198 2272 3823 2355 Capitaines soubz
3200 2371 3769 2468 le Regiment de
3186 2476 3769 2584 Barthol Entens
3982 2038 5580 2166 Messieurs ont appoincté sur la reqte de
3951 2130 5640 2269 Albert d'Egmont et Everard Blanckebuer
3937 2227 5633 2374 capitaines soubz le Regiment de Berthel
3934 2345 5738 2477 entens qu'ils se contenteront avecq les Appostilles
3943 2450 4961 2584 donnees sur sembles reqtes.
3209 2726 3351 2834 fcum
3184 2853 3833 2981 Dismes van Liere
3919 2711 5575 2826 Quant a la reqte de Dismes van Liere
3943 2788 5650 2928 Soit ceste envoye a la Chambre des Aydes
3925 2909 5639 3035 au regard du payement des trois mois par luy
3947 3017 5679 3135 requiz. Et touchant l'Estat par luy desiré
3944 3129 5608 3239 que le Sr de la Motte donne son aduis et
3916 3248 5148 3357 S'addressera a Son Alteze.
