5896 4478
264 665 874 832 Manans et
278 810 896 981 Inhabitans du
294 903 923 1118 Plat Pays soubz
297 1037 912 1220 la Maierye de
304 1168 977 1319 la ville de Boisleduc
299 2273 938 2467 Regiments des
318 2423 917 2631 srs. de Hierge
312 2582 891 2750 Et de Meghem
961 2082 977 2156 „ordinaires des Impostz et moyens Capitaulx,
747 329 2795 689 Sur la reqte. des Manants et Inhabitans
1009 687 2842 822 des villes Franchises et villages du Plat Pays
1028 772 2825 920 soubz le Maierye de la Ville de Boisleducq
1023 926 2829 1029 est dict, que Messieurs les Estatz ge„
977 1009 2790 1153 „neraulx declairent estre contents que les
1017 1087 2770 1283 Remonstrans qui sont voluntaires, pourront
1021 1203 2781 1394 faire prest et secours aux Soldatz Allemans
1003 1318 2861 1476 estans au Plat Pays du quartier de Boisleduc
1017 1457 2818 1615 selon le pied du prest et secours ordinaire en
1017 1550 2843 1736 tantmoings de leur deu, moyennant que Iceulx
992 1657 2860 1860 Soldatz viuent a leurs propres despens et bourses,
984 1767 2791 1961 promettans que tel auancement leur seruira
1000 1885 2829 2058 en diminuntion de leur quotes es aydes extra„
977 2029 2794 2177 „ordinaires des Impostz et moyens Capitaulx,
1017 2113 2908 2294 Et pour detourner du Pays de Brabant l‛entree
1008 2252 2832 2404 des Regiments des Srs. de Hierge et Meghem
1003 2355 2799 2494 ont Messieurs les Estatz commis le
998 2430 2844 2635 pensionaire de Boisleducq pour ce remonstre
1002 2544 2808 2701 et obtenir de Son Alteze, et desditz, Srs. de
977 2686 1872 2853 Hierge et Meghem.
288 3007 859 3181 Presentation
268 3154 977 3327 d‛argent par pierre
295 3246 609 3449 le Pape
977 2914 2817 3106 Ceste accepte la partie presentee par pierre
1003 3074 2861 3217 de pape d‛environ xiijm. florins, Scavoir vjm. florins
1006 3167 2827 3311 en argent, et la reste en Marchandize liurable
1009 3275 2822 3450 aux gens de guerre et telle dont lesditz gens se
5339 106 5480 227 111
3670 467 5457 682 contenteront, a payer en dedans l‛an sans trail
3664 591 5384 801 Semblablement vue aultre partie de xiim. L.
3692 672 5443 889 en argent et xxiijm. L en draps, depuis est
3683 805 5498 1002 dict, Commissaires seront ordonnez pour traicter
3684 926 5507 1130 de donner moitie en argent et moitie en marchan,
3632 1115 3853 1200 „dise.
4104 1164 5092 1441 XIIa July 1577
3224 220 3640 465 11 Julij.
2992 1446 3175 1676 fcmn
2985 1579 3551 1811 Loys le grand
3745 1402 5523 1644 Sur la reqte de Loys le grand Le Suppliant
3730 1535 5446 1738 se pourra pourveoir par telle voye de Justice
3728 1683 4812 1847 comme il trouuera convenir
2994 2006 3513 2250 sr de Bruys
2967 2215 3630 2456 mre. Jehan gillis
3634 1847 5514 2121 Messieurs ont commis Monsieur de Bruys au
3711 2015 5417 2181 lieu du docteur Sille et Mre Jehan gillis
3716 2099 5461 2320 pensionaire d‛Anvers au lieu de Monsieur de
3717 2228 5518 2436 Berchem eschevin Jure au lieu de van Camere
3720 2338 5430 2572 pour adviser avecq les aultres Commis a la
3734 2487 4618 2669 Chambre des aydes
3010 2767 3200 2933 Fcmn
3022 2916 3524 3052 Le Sr. Baron
3026 3026 3443 3204 d‛Aubigny
3719 2669 5471 2882 Sur l‛estat des vacations de Monsieur le
3687 2766 5499 3006 Baron d'Aulbigny faict en la ville de Bloys
3693 2898 5517 3117 Messieurs se conformans a laduis des commis
3741 3024 5459 3201 a la Chambre des aydes, Ordonnent a leur
3757 3129 5493 3332 Tresorier van Beken de paier au Suppliant la
3756 3226 5474 3430 somme de Cincq cens xxxvij L et xij s arthois
