5031 3971
228 487 677 599 Uytvoer van
244 579 528 707 peerden
815 135 2457 261 Op de requeste aen haer hooch moog
833 218 2298 340 gepresenteert uijt den naem & van
829 320 2420 422 weegen Godert Adriaen van Reeden
844 442 2464 560 heere tot Printhagen. Is nae voorgaende
837 519 2324 691 deliberatie goetgevonden & verstaen
815 625 2428 807 den suppliant midts desen te consenteren
804 743 2472 887 voor hem & den heer Grave van Grons
802 868 2283 984 beeck den uytvoer van twaelff
819 978 2445 1089 peerden naer t' lant van Luick midts
812 1087 2354 1219 betalende slants gerechticheit ende
814 1184 2472 1340 stellende cautie dat de selve nergens
1237 1284 1358 1334 sullen
821 1325 2142 1447 elders en mogen vervoert werden
209 1590 522 1722 postmrs
809 1466 2343 1615 De requeste van de drie postmrs
801 1580 2286 1721 in dienst van de Generaliteit om
790 1653 2325 1808 te hebben betalinge van der selve
790 1789 2460 1933 diensten in het jaer 1635 gedaen Is opge
784 1924 1077 2056 houden.
154 2364 551 2448 Wercbasen
806 2046 2435 2201 Is gelesen de requeste van Gysbert
790 2138 2380 2274 Bertels cum socijs werckmrs om te
787 2249 2444 2385 hebben betalinge van hunne gemaeckte
786 2384 2441 2500 wercken ofte ten minsten obligatie met
785 2439 2437 2593 interest ten laste vande Generaliteit
789 2593 2417 2701 waer op gedelibereert synde Is goet
781 2656 2293 2810 gevonden & verstaen midts desen te
759 2793 2374 2935 versoucken den Raedt van State dat
767 2894 2311 3050 de selve willen remplaceren uyt den
762 3059 2399 3152 restanten van den ontvanger Deuverden
804 3144 2377 3275 soo sulx albereits niet en is geschiet
788 3220 2243 3399 de penningen die gediverteert syn
767 3342 2314 3544 uyt de Gulicksche contributien
779 3469 2361 3612 en daer bevoorens gedestineert ge„
762 3588 2395 3744 weest syn tot betalinge der wercbasen
739 3733 2389 3842 & soo de voors restanten daer toe niet
4702 19 4783 132 86
2560 75 3059 241 6. Februarij
3081 100 4755 236 suffisant en syn dat het remplacement
3088 179 4683 336 alsdan geschiede uyt andere penningen in
3098 293 4698 426 conformité van voorgaende resolutie.
2519 606 3041 735 heeren Hembach
2517 700 2907 807 en Plater
2500 918 3048 1061 Gouden Kettingh
3076 464 4829 629 Op de declaratie van den Goutsmit
3075 563 4807 694 Rottermont is nae voorgaende delibe
3082 669 4826 831 ratie goetgevonden & verstaen dat ordonnantie
3088 764 4741 940 sal worden gedepescheert ter somme van
3076 880 4667 1056 twaelff hondert drie gulden en ses
3065 1000 4694 1139 stuivers over & ter saecke van leve,,
3078 1093 4767 1234 rantie van twee gouden kettingen ende
3095 1237 4724 1381 het fatsoen vandien die wegende elx
3088 1348 4739 1488 vyftien oncen en vijff Ingels, d'once
3079 1463 4781 1613 gereeckent tot acht en dertig gulden
3085 1574 4717 1708 ende  t' fatsoen tot acht en twintich
3097 1693 4646 1821 stuvers, ende syn byde de voors
3094 1798 4821 1921 kettingen vereert aen de heren Hembach
3071 1886 4799 2075 & Plater respective gedeputeerden
3072 2024 4801 2195 van den chur: furst van Brandenburch
2519 2503 3054 2607 erffgenaemen
2512 2579 2843 2681 van Jan
2515 2692 2813 2796 Tjerckx
3110 2210 4851 2384 In deliberatie geleit sijnde is goetgevonden
3111 2355 4817 2475 & verstaen mits desen te verclaren tot dilu,,
3122 2422 4780 2556 cidatie van haer hooch moog: appointement
3096 2538 4803 2680 van den 2 deses verleent op de requeste
3037 2635 4764 2777 van de naegelaten weduwe ende kinderen
3054 2753 4764 2878 van sa Jan Tjerckx om te hebben betalinge
3096 2861 4726 2998 van hun achterstallen dat den Ontfanger de
3120 2990 4721 3077 supplianten sal geven adsignatie ten laste van
3099 3059 4851 3207 de provincie van Stadt en landen op der selve
3108 3172 4821 3302 quote in de resterende legerlasten van den
3127 3272 3748 3424 jaren 1635 off 1636.
2573 3554 2962 3677 Charnacé
3113 3411 4857 3562 Synde gehoort t' rapport vande Griffier
3107 3574 4811 3696 Musch achtervolgens haer hooch: moog: resolutie
3114 3627 4846 3780 gesproocken hebbende met de heer van Charnacé
3122 3747 4791 3887 ambassadeur van den Coninck van Vrancrijck
