5612 4392
1050 450 2823 660 du xvie arle de la paciffication de Gand
1073 570 2835 777 est dict, Que les Estatz generaulx ont deputé
1059 724 2814 896 les pensionaires de Boisleducq, Bruges Yman
1077 799 2816 990 et de Middelborch van Wercke, pour visiter
1069 930 2839 1097 ladite Instruction, les authorisant de prendre
1061 998 2847 1215 auecq eulx telz aultres qu‛ilz trouueront convenu
1066 1111 2838 1363 pour en apres rapporter leurs advis aux Estatz.
340 1575 911 1771 Cornille Van
343 1706 1015 1861 Mansdale Coissaire
360 1813 984 1953 a la fortifficaon
361 1910 948 2081 de Willebroeck.
1003 1472 1024 1590 Sur l‛ordonnance donne par Monsieur le Prince
997 1594 1024 1672 d‛Orenge au Tresorier pour Cornille van Mans„
1024 1389 2862 1589 Sur l‛odonnance donne par Monsieur le Prince
1024 1508 2844 1707 d‛Orenge au Tresorier pour Cornille van Mans„
1035 1641 2813 1818 „dale, Commissaire a la fortiffication de
1070 1718 2837 1915 Willebroeck du xviije. de ce moys est dict
1075 1826 2803 2046 les Estatz suyuant la requisition dudict
1054 1931 2813 2157 Sr. Prince comme dessus, ordonnent audict
1046 2097 2853 2309 Tresorier payer audict Mansdale ladite somme
1039 2191 2807 2383 de C L. arth des deniers estans soubz luy a
1090 2306 2757 2531 charge d'en rendre par ledit Mansdale
1099 2329 2882 2612 Compte et reliqua, la et ainsy qu‛il appartiendra
390 2794 573 2945 fcum
382 2918 1024 3091 Guille nuytinck
399 3025 1024 3156 Mre de la Poste
381 3130 793 3273 De Malines
1060 2678 2818 2911 La reqte. de Guillame nuytinck est
1024 2811 2775 3049 envoye a ceulx de la Chambre des aydes
1024 2988 1564 3126 pour advis
379 3259 1024 3458 Gesanten van Lieuten
369 3399 951 3572 van Lymborch
1030 3170 2831 3406 Sur la reqte. van gesanten van Lieuten van
3108 125 3493 281 28 Febr.
5066 250 5255 425 294.
3633 436 5468 622 Lijmborch, est dict, les Estatz ordonnent
3645 614 5473 744 a van Beken advizer tous moyens pour assister
3619 729 5386 903 les Suppliants sur leur requis, actendu la
3617 846 4387 990 necessite presente
2972 1307 3464 1363 Guillame de la
2976 1411 3273 1463 Brasserie
3589 1016 5482 1196 Quant a la reqte. de Guillame de la brasserie
3603 1188 5426 1325 Sergeant du Capitaine Schet soubz le Conte
3627 1327 5435 1472 de la Marche, et billet du Tresorier vander
3501 1399 5328 1564 Beken du xxve de ce moys, et advis de la
3649 1474 5387 1691 Chambre des aydes est dict, que les Estatz
3640 1624 5316 1811 se conforment a ceulx de ladite Chambre
3613 1773 5318 1925 pour veu que le payement se fache moictie
3630 1873 5005 2045 en argent et l‛aultre en drap.
2927 2283 3436 2476 Jehan nesel
3544 2067 5361 2318 La reqte. de Jehan nesel et pieres Joinctes
3641 2236 5299 2435 sont renvoyees aux qualtre Membres de
3611 2357 5311 2519 Flandres, ausquelz sera donne advertence
3599 2460 5313 2623 de ce qu‛est passé en ceste assemblee
3636 2589 5298 2725 touchant le faict contenu, affin de par
3624 2695 5284 2839 ceulx desd qualtre Membres en estre
3624 2826 5202 2976 ordonné comme Ilz trouueront convenir.
2940 3199 3414 3265 Lres au sr. de
2958 3288 3313 3355 Courtewile
3555 3018 5342 3220 Lres dressees au Sr. de Courtewile sont
3611 3184 5306 3381 arrestees en conformté de„la„ lecture que en a
