5211 4221
914 380 2424 458 a toutes frauldes, et nonchallances qui se
921 463 2372 542 pourront commectre en la visite desdes
879 553 2408 634 nauires, et marchandises il sera commis en
908 639 2446 727 chascun des ports de la part de sa Mate
906 738 2428 818 vng Officier qui en lexecution de ceste
930 832 2362 909 charge se joindra auecq les Officiers
933 929 2456 1001 ordinaires desds ports et haures auquel
922 1020 2452 1090 Officier ainsy establi pour sade Mate
933 1110 2482 1190 seront ordonnez gaiges competants a prendre
925 1197 2406 1281 sur les reuenuz des conuoyes et licentes
899 1293 2491 1371 des prouinces vnies, ou bien, sur quelque tauxe
910 1385 2429 1460 et Imposition a mectre sur lesdes nauires
908 1482 2342 1551 et marchandises au regard desquelz les
882 1572 2382 1651 passeportz seront donnez, Soubz signe
895 1661 2105 1740 Tho: Wilkes, Tho: Bodley
273 2006 758 2063 Acte van desaduey
290 2050 671 2148 ofte abolitie
315 2196 581 2285 Engelant
817 1834 2357 1908 Hebben voorts gedaen lecture vande acte
875 1913 2353 1987 van desadueu by hare Mat. geteeckent
905 2009 2430 2088 sonder deselue, ofte copie daervan te hebben
889 2097 2359 2165 begeren ouer te geuen, niettegenstaende
883 2183 2369 2255 daerop van wegen d'heeren Staten te
897 2272 2384 2340 meermalen Instantie is gedaen geweest,
880 2356 2412 2428 ten ware dat men hen met eenen ouerleuere
880 2446 2366 2516 acte van vergetinge, ende vergeuinge van
877 2538 2356 2608 alle voorgaende gepasseerde saecken, ten
885 2627 2369 2703 respecte vande persoonen, die hen, deselue
886 2720 2378 2793 ofte vuyt onnooselheyt ombedachtel, vuyt
881 2808 2383 2889 particuliere consideratien, ende affecten
891 2898 2470 2983 hebben bemoyt, by de welcke deselue persoonen
889 2988 2346 3058 soude toegelaten wordden inde gevnieerde
880 3073 2396 3154 prouincien te keeren, ende heure goederen
876 3162 2370 3238 inde selue te gebruycken, wel verstaende
863 3250 2391 3331 dat daerinne sullen geexcludeert blyuen, die
875 3347 2405 3427 feytelyck tegen den staet van tlandt yet
4814 142 4962 302 321
2678 188 3035 362 27. Julij,
2793 793 3253 884 Schip met granen
2746 895 3213 992 naer Portugael
2794 2490 3174 2651 monsteringe
3276 387 4911 448 hebben geattempteert, den vyandt geadhereert,
3268 464 4280 530 ofte verraderye gepleeght.
3080 611 4825 682 Die voorsz heeren hebben noch verclaert, dat
3326 696 4941 773 zy last hebben van hare Mat. om te disponeren
3295 782 4864 862 vande grainen die tot Hoorn aengebrocht zijn,
3297 868 4715 941 buyte vlote die gedestineert was naer
3298 951 4849 1032 Portugael, ende daermede te doen betalen vier
3289 1038 4801 1117 schepen van dese landen die het voyage mede
3297 1129 4868 1210 hebben gedaen, van heure wracht, versuecken
3283 1222 4852 1292 daerom dat d'heeren Staten soude gelieuen
3296 1306 4684 1372 te scryuen aen die van het collegie ter
3276 1392 4772 1462 Admiraliteyt tot Hoorn Residerende dat
3265 1483 4826 1563 zy hare E. metten Iersten willen berichten,
3281 1572 4786 1646 vande qualiteyt, quantiteyt, ende valeur
3282 1663 4746 1732 vande voorsz grainen, mitsgaders, off
3282 1748 4757 1823 deselue vercocht zyn, ofte niet. Ende
3246 1839 4913 1921 vercocht wesende, hoe veele daervan gecommen,
3263 1934 4834 2012 ende noch suyuers blyuen sal, alle oncosten
3293 2025 4906 2111 affgetrocken wesende. Is tselue goetgeuonden,
3275 2117 4844 2193 ende den Greffier belast de versochte brieuen
3307 2215 3881 2306 te scryuen.
3243 2357 4778 2442 Zyn voorts die voorsz heeren mette heeren
3259 2437 4693 2521 Staten getreden in communicatie, ende
3303 2522 4801 2616 debat opte ordonnancie vande monsteringe
3259 2606 4743 2711 ende discipline militaire van het volck
3287 2707 4774 2788 van het secours van hare Mat., die deselue
3303 2796 4802 2878 heer Ambassadeur seeght expresselyck in
3287 2889 4733 2962 last te hebben om opten naem van haere
3303 2979 4779 3057 Mat. in dese landen te doen publiceren voorde
3305 3077 4911 3154 conseruatie van haere behoorlycke authoriteyt
3285 3161 4781 3236 ende respect, Sustinerende, ende bewysende
3302 3256 4810 3330 d'heeren Staten, dat ter contrarien voorde
