5540 4311
1032 466 2752 660 politicq tres violent et qui surpasse les bornes que
967 575 2646 733 Dieu nature et la raison ont pose aux moderez et
1019 668 1640 799 legitimes empires
946 830 2791 1018 Quant aux peuples qui estoient nez soubz aultres loix
1044 963 2574 1088 que les siennes il s'est serui du pretexte de la
1021 1029 2683 1150 religion pour les ammener au mesme Jong que les
1041 1117 1514 1260 siens naturels
922 1281 2729 1456 De ceste derniere espece de tyrannie nous font foy
1024 1395 2577 1531 les guerres mues par ceste maison en Allemaigne
1016 1479 2645 1621 celles contre L‛angletere desquelles la memoire
1034 1550 2656 1680 est encores toute recente et les gemissemens et
996 1666 2755 1795 miseres presentes de nostre France tesmoignent assez
1020 1737 1470 1867 ceste ambition
983 1872 2614 2021 Dela premiere ces nobles prouinces iadis tant
1003 1994 2642 2113 florissantes et qui ont fait fleurir leurs Princes
1014 2089 2613 2207 soubz des justes loix en parlent assez de sorte que
1016 2137 2107 2278 je nen allegueray aultres exemples
1010 2260 2602 2423 Or voyez messieurs l‛habilite du Conseil
1062 2368 2622 2510 D‛Espagne pour paruenir aueq seurte au point de
1023 2457 2704 2588 leur ambition Ilz ont bien juge que D‛espaigne qui
1020 2535 2649 2639 est comme le coin et extremité de L‛Europe on ne
1020 2632 2755 2715 voloit commodement sur les aultres Royaulmes Chrestiens
1001 2704 2623 2846 Ilz ont veu quil falloit estre assis au milieu pour
1025 2796 2681 2937 estendre facilement ses bras par toutes les extremitez
1014 2891 2696 3012 Ils se sont souuenus que les Princes qui auoyent
1008 2974 2682 3102 jadis estandu plus largement leurs aisles sur la
1012 3055 2618 3177 Chrestiente auoient leur siege en france comme
1010 3134 2730 3297 Charlemagne Louys des bonnaire et aultres descendans
1068 3225 1187 3286 ”ce
1000 3245 1308 3383 de„ attige
986 3317 2739 3482 Cest pourquoy il y a long temps q‛uilz sappent nre
5176 256 5274 370 12
3460 463 5379 649 Royaume par soubz terre attendant loccasion de les branler
3542 567 5304 737 ouvertement et sen appropier: Sest elle monstrees. Ilz
3534 679 5145 797 ont laisse toute aultre besoigne en arriere pour„
3531 756 5192 883 venir donner le coup a ce coeur de la Chrestientié.
3483 848 5283 1014 Et la mort du feu Roy n‛est pas si tost arriuee que
3523 1007 5181 1114 comme le sang au corps humain L quelque grand
3536 1068 5304 1213 effroy abandonne les autes pties et se rend droit au
3526 1164 3787 1271 coeur.
3477 1252 5294 1414 Eux aussi craignans de faire faulte a ceste occasion
3463 1364 5194 1494 et effroyez de la vertu et valeur de nre Roy present
3451 1462 5282 1555 Regnant ont quicte toutes les autres emprinses pour
3498 1505 4351 1641 donner droict a la france.
3473 1606 5345 1786 Dela ces grands preparatiffs qui se redressoyent contre
3457 1708 5218 1868 L‛Angleterre sont comme evanouis et  la honte oubliee
3519 1798 4691 1951 quilz ont receu en Leur dernier effort
3446 1935 5281 2118 Dela les continuels assaux quils ont faict a ces nobles
3479 2077 5225 2197 Prouinces ont este ralantis et differez jusques a
3511 2166 5205 2273 quitter ce quilz estiment leur propre pour envahir
3496 2214 4998 2351 celuy dantruy et ou ilz n‛ont aucun droict
3439 2371 5182 2524 Je vous repnte ces choses messieurs pour vous fez
3462 2494 5213 2608 toucher et au doigt et a loeil quel Interest vous et les
3506 2576 5231 2692 autres Princes de la Chrestiente auez en la conseruation
3493 2639 5203 2786 de nre estat puis que vre Capital ennemy, met vue
3529 2723 4386 2859 si grande enchere a sa ruine
3445 2846 5149 3040 Quelques anciens ont donne des preceptes comme
4190 2981 4289 3040 ”faire
3497 3008 5110 3122 il falloit et on pouuoit„ son prouffit de son ennemy
3463 3076 5143 3209 vous pouuez maintenant prouffiter a la lecon que
3495 3154 5120 3283 vous faict le Roy d'hespaigne qui est que vous
3487 3228 5174 3378 ayez plus l‛oeil sur les affaires de France que
3504 3307 4349 3446 sur les vres particulieres.
